@book{Ermentrout_2010,
	doi = {10.1007/978-0-387-87708-2},
	url = {https://doi.org/10.1007%2F978-0-387-87708-2},
	year = 2010,
	publisher = {Springer New York},
	author = {G. Bard Ermentrout and David H. Terman},
	title = {Mathematical Foundations of Neuroscience}
}
@book{0521890799,
  Author = {Wulfram Gerstner},
  Title = {Spiking Neuron Models: Single Neurons, Populations, Plasticity},
  Publisher = {Cambridge University Press},
  Year = {2002},
  ISBN = {0521890799},
  URL = {https://www.amazon.com/Spiking-Neuron-Models-Populations-Plasticity/dp/0521890799?SubscriptionId=AKIAIOBINVZYXZQZ2U3A&tag=chimbori05-20&linkCode=xm2&camp=2025&creative=165953&creativeASIN=0521890799}
}
@book{0262041995,
  Author = {Peter Dayan and L. F. Abbott},
  Title = {Theoretical Neuroscience: Computational and Mathematical Modeling of Neural Systems},
  Publisher = {The MIT Press},
  Year = {2001},
  ISBN = {0262041995},
  URL = {https://www.amazon.com/Theoretical-Neuroscience-Computational-Mathematical-Modeling/dp/0262041995?SubscriptionId=AKIAIOBINVZYXZQZ2U3A&tag=chimbori05-20&linkCode=xm2&camp=2025&creative=165953&creativeASIN=0262041995}
}
@book{kandel2012principles,
  Title={Principles of Neural Science, Fifth Edition},
  Author={Kandel, Eric R. and Schwartz, James H.},
  Year={2012},
  Publisher={McGraw-Hill Professional Publishing},
  ISBN = {9780071390118},
  URL = {https://www.amazon.com/Principles-Neural-Science-Fifth-Kandel/dp/0071390111}
}